@misc{GoogleModules,
  title = {Google Moduli},
  year = "2016",
  howpublished = "\url{https://docs.google.com/forms}",
  note = {Online, acceduta il: 04/03/2016}
}
